<record><leader>00000cas a22000007a 4500</leader><controlfield tag="001">12100002</controlfield><controlfield tag="008">850531d19261963njuwr ne      0    0eng d</controlfield><datafield ind1=" " ind2=" " tag="010"><subfield code="a">sn 85035621 </subfield></datafield><datafield ind1=" " ind2=" " tag="040"><subfield code="a">NPA</subfield><subfield code="b">eng</subfield><subfield code="c">NPA</subfield><subfield code="d">NJW</subfield><subfield code="d">OCLCQ</subfield></datafield><datafield ind1=" " ind2=" " tag="042"><subfield code="a">msc</subfield></datafield><datafield ind1="0" ind2="4" tag="245"><subfield code="a">The Whitehouse review.</subfield></datafield><datafield ind1=" " ind2=" " tag="260"><subfield code="a">Whitehouse Station, N.J. :</subfield><subfield code="b">F.R. Shampanore,</subfield><subfield code="c">1926-1963.</subfield></datafield><datafield ind1=" " ind2=" " tag="300"><subfield code="a">v. :</subfield><subfield code="b">ill.</subfield></datafield><datafield ind1=" " ind2=" " tag="310"><subfield code="a">Weekly</subfield></datafield><datafield ind1="0" ind2=" " tag="362"><subfield code="a">Vol. 29, no. 10 (May 11, 1926)-v. 67, no. 20 (May 21, 1963).</subfield></datafield><datafield ind1=" " ind2=" " tag="500"><subfield code="a">Published by the Shampanore Pub. Co., Oct. 9, 1962-May 21, 1963.</subfield></datafield><datafield ind1=" " ind2=" " tag="752"><subfield code="a">United States</subfield><subfield code="b">New Jersey</subfield><subfield code="c">Hunterdon</subfield><subfield code="d">White House Station.</subfield></datafield><datafield ind1=" " ind2=" " tag="752"><subfield code="a">United States</subfield><subfield code="b">New Jersey</subfield><subfield code="c">Hunterdon</subfield><subfield code="d">Whitehouse Station.</subfield></datafield><datafield ind1="0" ind2="0" tag="780"><subfield code="t">Weekly review (White House Station, N.J. : 1898)</subfield><subfield code="w">(DLC)sn 85035620</subfield><subfield code="w">(OCoLC)12099952</subfield></datafield><datafield ind1="0" ind2="0" tag="785"><subfield code="t">Hunterdon review</subfield><subfield code="w">(DLC)sn 85035622</subfield><subfield code="w">(OCoLC)12100068</subfield></datafield></record>